<?xml version="1.0" encoding="UTF-8"?><record xmlns="http://www.loc.gov/MARC21/slim" xmlns:cinclude="http://apache.org/cocoon/include/1.0" xmlns:zs="http://www.loc.gov/zing/srw/">
  <leader>00457nz  a2200145n  4500</leader>
  <controlfield tag="001">n  93904293 </controlfield>
  <controlfield tag="003">DLC</controlfield>
  <controlfield tag="005">19950126132445.0</controlfield>
  <controlfield tag="008">950126n| acannaab|          |a aaa |||  </controlfield>
  <datafield tag="010" ind1=" " ind2=" ">
    <subfield code="a">n  93904293 </subfield>
  </datafield>
  <datafield tag="040" ind1=" " ind2=" ">
    <subfield code="a">DLC</subfield>
    <subfield code="c">DLC</subfield>
  </datafield>
  <datafield tag="100" ind1="1" ind2="0">
    <subfield code="a">Osman Yusof</subfield>
  </datafield>
  <datafield tag="400" ind1="1" ind2="0">
    <subfield code="a">Yusof, Osman</subfield>
  </datafield>
  <datafield tag="400" ind1="1" ind2="0">
    <subfield code="a">Osman b. Yusof</subfield>
  </datafield>
  <datafield tag="670" ind1=" " ind2=" ">
    <subfield code="a">Seminar Teknologi Koko Masakini (3rd : 1989 : Kuala Lumpur, Malaysia). Meningkatkan ... 1993: </subfield>
    <subfield code="b">t.p. (Osman Yusof) p. 226 (Osman b. Yusof from MARDI)</subfield>
  </datafield>
</record>